@Inbook{Benton2016,
author="Benton, Nick
and Kennedy, Andrew
and Hofmann, Martin
and Nigam, Vivek",
editor="Lindley, Sam
and McBride, Conor
and Trinder, Phil
and Sannella, Don",
title="Counting Successes: Effects and Transformations for Non-deterministic Programs",
bookTitle="A List of Successes That Can Change the World: Essays Dedicated to Philip Wadler on the Occasion of His 60th Birthday",
year="2016",
publisher="Springer International Publishing",
address="Cham",
pages="56--72",
isbn="978-3-319-30936-1",
doi="10.1007/978-3-319-30936-1_3",
url="http://dx.doi.org/10.1007/978-3-319-30936-1_3"
}

@Inbook{Benton2006,
author="Benton, Nick
and Kennedy, Andrew
and Hofmann, Martin
and Beringer, Lennart",
editor="Kobayashi, Naoki",
title="Reading, Writing and Relations",
bookTitle="Programming Languages and Systems: 4th Asian Symposium, APLAS 2006, Sydney, Australia, November 8-10, 2006. Proceedings",
year="2006",
publisher="Springer Berlin Heidelberg",
address="Berlin, Heidelberg",
pages="114--130",
isbn="978-3-540-48938-2",
doi="10.1007/11924661_7",
url="http://dx.doi.org/10.1007/11924661_7"
}

@inproceedings{Benton2000,
 author = {Benton, Nick and Hughes, John and Moggi, Eugenio},
 title = {Monads and Effects},
 booktitle = {Applied Semantics, International Summer School, APPSEM 2000, Caminha, Portugal, September 9-15, 2000, Advanced Lectures},
 year = {2002},
 isbn = {3-540-44044-5},
 pages = {42--122},
 numpages = {81},
 url = {http://dl.acm.org/citation.cfm?id=647424.725798},
 acmid = {725798},
 publisher = {Springer-Verlag},
 address = {London, UK, UK},
}

@article{Katsumata2014,
 author = {Katsumata, Shin-ya},
 title = {Parametric Effect Monads and Semantics of Effect Systems},
 journal = {SIGPLAN Not.},
 issue_date = {January 2014},
 volume = {49},
 number = {1},
 month = jan,
 year = {2014},
 issn = {0362-1340},
 pages = {633--645},
 numpages = {13},
 url = {http://doi.acm.org/10.1145/2578855.2535846},
 doi = {10.1145/2578855.2535846},
 acmid = {2535846},
 publisher = {ACM},
 address = {New York, NY, USA},
 keywords = {algebrac operation, computational effect, effect system, lax monoidal functor, monad, parametric effect monad},
}

@inproceedings{Moggi1989,
 author = {Moggi, E.},
 title = {Computational Lambda-calculus and Monads},
 booktitle = {Proceedings of the Fourth Annual Symposium on Logic in Computer Science},
 year = {1989},
 isbn = {0-8186-1954-6},
 location = {Pacific Grove, California, USA},
 pages = {14--23},
 numpages = {10},
 url = {http://dl.acm.org/citation.cfm?id=77350.77353},
 acmid = {77353},
 publisher = {IEEE Press},
 address = {Piscataway, NJ, USA},
}

@article{Talpin1994,
title = "The Type and Effect Discipline",
journal = "Information and Computation",
volume = "111",
number = "2",
pages = "245 - 296",
year = "1994",
note = "",
issn = "0890-5401",
doi = "http://dx.doi.org/10.1006/inco.1994.1046",
url = "http://www.sciencedirect.com/science/article/pii/S0890540184710467",
author = "J.P. Talpin and P. Jouvelot",
}

@inproceedings{Lucassen1988,
 author = {Lucassen, J. M. and Gifford, D. K.},
 title = {Polymorphic Effect Systems},
 booktitle = {Proceedings of the 15th ACM SIGPLAN-SIGACT Symposium on Principles of Programming Languages},
 series = {POPL '88},
 year = {1988},
 isbn = {0-89791-252-7},
 location = {San Diego, California, USA},
 pages = {47--57},
 numpages = {11},
 url = {http://doi.acm.org/10.1145/73560.73564},
 doi = {10.1145/73560.73564},
 acmid = {73564},
 publisher = {ACM},
 address = {New York, NY, USA},
} 

@inproceedings{Wadler1998,
 author = {Wadler, Philip},
 title = {The Marriage of Effects and Monads},
 booktitle = {Proceedings of the Third ACM SIGPLAN International Conference on Functional Programming},
 series = {ICFP '98},
 year = {1998},
 isbn = {1-58113-024-4},
 location = {Baltimore, Maryland, USA},
 pages = {63--74},
 numpages = {12},
 url = {http://doi.acm.org/10.1145/289423.289429},
 doi = {10.1145/289423.289429},
 acmid = {289429},
 publisher = {ACM},
 address = {New York, NY, USA},
} 
